@misc{jsartoolkit,
	author={Ilmari Heikkinen},
	title = {JSARToolKit},
	year = {2011},
	note = "\texttt{https://github.com/kig/JSARToolKit}",
	urldate = {June 12, 2012},
	editor = {GitHub},
}
@misc{heikkinen2012,
	author = {Ilmari Heikkinen},
	title = {Writing Augmented Reality Applications Using JSARToolKit},
	editor = {HTML5 ROCKS},
	date = {February 28, 2012},
	year = {2012},
	note = "\texttt{http://www.html5rocks.com/en/tutorials/webgl/ jsartoolkit\_webrtc/}",
}
@misc{bulbapedia,
	author = "",
	year = "2004",
	title = "Bulbapedia",
	note = "\texttt{http://bulbapedia.bulbagarden.net/}"
}

@ELECTRONIC{webrtc,
  month = {May},
  year = {2012},
  title = {WebRTC 1.0: Real-time Communication Between BrowsersW3C Editor's
Draft 30 May 2012},
  organization = {W3C Consortium},
  url = {{http://dev.w3.org/2011/webrtc/editor/webrtc.html}},
  editor = {Adam Bergkvist and Daniel C. Burnett and Cullen Jennings and Anant
Narayanan},
  institution = {W3C Consortium},
  timestamp = {2012.06.14}
}

@ONLINE{three,
	author = {mrdoob},
	title = "Three.js - Javascript 3D library",
	url = {https://github.com/mrdoob/three.js/wiki}
}

@ONLINE{getusermedia,
	author = {Daniel C. Burnett \and Anant Harayanan},
	title = {getUserMedia: Getting access to local devices that can generate multimedia streams},
	url = {http://dev.w3.org/2011/webrtc/editor/getusermedia.html}
}

@ONLINE{webgl,
	author = {Khronos Group},
	title = {WebGL Specification},
	url = {https://www.khronos.org/registry/webgl/specs/1.0/}
}
,
@ONLINE{html5,
	author = {W3C Consortium},
	title = {A vocabulary and associated APIs for HTML5 and XHTML},
	url = {http://dev.w3.org/html5/spec/}
}
