@misc{jsartoolkit
	author = {Ilmari Heikkinen},
	title = {JSARToolKit},
	publisher = {GitHub},
	year = {2011},
	URL = {https://github.com/kig/JSARToolKit},
	note = {This is an electronic document. Date of publication: 2011. Date retrieved: June 12, 2012. Date last modified: 2012},
	url = {https://github.com/kig/JSARToolKit},
}